@book {Malle_Testerman_2011,
    AUTHOR = {Malle, Gunter and Testerman, Donna},
     TITLE = {Linear algebraic groups and finite groups of {L}ie type},
    SERIES = {Cambridge Studies in Advanced Mathematics},
    VOLUME = {133},
 PUBLISHER = {Cambridge University Press, Cambridge},
      YEAR = {2011},
     PAGES = {xiv+309},
      ISBN = {978-1-107-00854-0},
   MRCLASS = {20G15 (20D06 20G05)},
  MRNUMBER = {2850737},
MRREVIEWER = {Timothy\ C.\ Burness},
       DOI = {10.1017/CBO9780511994777},
       URL = {https://doi.org/10.1017/CBO9780511994777},
}

@book{Geck2013,
  TITLE = {An Introduction to Algebraic Geometry and Algebraic Groups},
  AUTHOR= {Geck, Meinolf},
  ISBN = {9780191663727},
  SERIES = {Oxford Graduate Texts in Mathematics},
  YEAR = {2013},
  PUBLISHER = {Clarendon Press}
}
